<?xml version="1.0" encoding="UTF-8"?><record xmlns="http://www.loc.gov/MARC21/slim" xmlns:cinclude="http://apache.org/cocoon/include/1.0" xmlns:zs="http://www.loc.gov/zing/srw/">
  <leader>00378nz  a2200121n  4500</leader>
  <controlfield tag="001">nr2001023523</controlfield>
  <controlfield tag="003">DLC</controlfield>
  <controlfield tag="005">20010619033121.0</controlfield>
  <controlfield tag="008">010615n| acannaabn          |n aaa     c</controlfield>
  <datafield tag="010" ind1=" " ind2=" ">
    <subfield code="a">nr2001023523</subfield>
  </datafield>
  <datafield tag="040" ind1=" " ind2=" ">
    <subfield code="a">NIC</subfield>
    <subfield code="b">eng</subfield>
    <subfield code="c">NIC</subfield>
  </datafield>
  <datafield tag="100" ind1="0" ind2=" ">
    <subfield code="a">Minh Tri</subfield>
  </datafield>
  <datafield tag="670" ind1=" " ind2=" ">
    <subfield code="a">Saigon à l'heure de Hanoi, c2000:</subfield>
    <subfield code="b">t.p. (Minh Tri) p. 4 of cover (diplomé de l'école des Mines de Paris at age 23 in 1935)</subfield>
  </datafield>
</record>